%%%%%====>>>-- Articles
@article{idakieva2009,
    author = {K. Idakieva and I. Chakarska and P. Ivanova and A. Tchorbanov and I. Dobrovolov and L. Doumanova},
    title = {Purification of Hemocyanin from Marine Gastropod Rapana Thomasiana using Ammonium Sulfate Precipitation Method},
    journal = {Biotechnology \& Biotechnological Equipment},
    volume = {23},
    number = {3},
    pages = {1364-1367},
    year = {2009},
    doi = {10.1080/13102818.2009.10817671}
}
@article{deioannes2004,
    author = {Pablo De Ioannes and Bruno Moltedo and Harold Oliva and Rodrigo Pacheco and Fernando Faunes and Alfredo E. De Ioannes and Maria Ines Becker},
    title = {Hemocyanin of the Molluscan \emph{Concholepas concholepas} Exhibits and Unusual Heterodecameric Array of Subunits},
    journal = {Journal of Biological Chemistry},
    volume = {279},
    pages = {26134-26142},
    year = {2004},
    doi = {doi: 10.1074/jbc.M400903200}
}

@article{Centri,
    author = {H. David Ellerton, Donald E. Carpenter, and Kensal E. Van Holde},
    title = {Physical studies of hemocyanins. V. Characterization and subunit structure of the hemocyanin of  \emph{Cancer magister}},
    journal = {Biochemitry},
    volume = {9},
    pages = {2225-2232},
    year = {1970},
    doi = {doi: 10.1021/bi00813a002}
}

@article{SODERHALLSMITH,
    title = "Separation of the haemocyte populations of CarcinusMaenas and other marine decapods, and prophenoloxidase distribution",
    journal = "Developmental \& Comparative Immunology",
    volume = "7",
    number = "2",
    pages = "229 - 239",
    year = "1983",
    note = "",
    issn = "0145-305X",
    doi = "http://dx.doi.org/10.1016/0145-305X(83)90004-6",
    url = "https://www.researchgate.net/publication/240170417_Separation_of_the_haemocyte_populations_of_CarcinusMaenas_and_other_marine_decapods_and_prophenoloxidase_distribution",
    author = "Kenneth Söderhäll and Valerie J. Smith",
}

@article{VARGASALBORES,
title = "An anticoagulant solution for haemolymph collection and prophenoloxidase studies of penaeid shrimp (Penaeus californiensis)",
journal = "Comparative Biochemistry and Physiology Part A: Physiology",
volume = "106",
number = "2",
pages = "299 - 303",
year = "1993",
note = "",
issn = "0300-9629",
doi = "http://dx.doi.org/10.1016/0300-9629(93)90516-7",
url = "http://www.sciencedirect.com/science/article/pii/0300962993905167",
author = "Francisco Vargas-Albores and María-Antonia Guzmán and José-Luís Ochoa",

}

@article{KWOK,
title = "Hemolymph clotting in crustaceans: Implications for neuropeptide extraction from invertebrate hemolymph",
journal = "Peptides",
volume = "27",
number = "3",
pages = "590 - 596",
year = "2006",
note = "Invertebrate Neuropeptides VI",
issn = "0196-9781",
doi = "http://dx.doi.org/10.1016/j.peptides.2005.08.027",
url = "http://www.sciencedirect.com/science/article/pii/S0196978105004900",
author = "Rodney Kwok and Stephen S. Tobe",

}

@article {JFDS,
    author = {Adachi, K. and Hirata, T. and Nagai, K. and Sakaguchi, M.},
    title = {Hemocyanin a Most Likely Inducer of Black Spots in Kuruma Prawn Penaeus japonicus During Storage},
    journal = {Journal of Food Science},
    volume = {66},
    number = {8},
    publisher = {Blackwell Publishing Ltd},
    issn = {1750-3841},
    url = {http://dx.doi.org/10.1111/j.1365-2621.2001.tb16093.x},
    doi = {10.1111/j.1365-2621.2001.tb16093.x},
    pages = {1130--1136},
    year = {2001},
}

@article{SENKBEIL1981163,
    title = "Hemocyanin synthesis in the American lobster, Homarus americanus",
    journal = "Comparative Biochemistry and Physiology Part B: Comparative Biochemistry",
    volume = "68",
    number = "1",
    pages = "163 - 171",
    year = "1981",
    note = "",
    issn = "0305-0491",
    doi = "http://dx.doi.org/10.1016/0305-0491(81)90198-X",
    url = "http://www.sciencedirect.com/science/article/pii/030504918190198X",
    author = "Edward G. Senkbeil and John C. Wriston",

}

@article{GARZON2001,
    author = {Destoumieux-Garzón, Delphine and Saulnier, Denis and Garnier, Julien and Jouffrey, Céline and Bulet, Philippe and Bachère, Evelyne}, 
    title = {Crustacean immunity: Antifungal peptides are generated from the C-terminus of shrimp hemocyanin in response to microbial challenge},
    year = {2001}, 
    doi = {10.1074/jbc.M103817200}, 
    URL = {http://www.jbc.org/content/early/2001/10/11/jbc.M103817200.short}, 
    eprint = {http://www.jbc.org/content/early/2001/10/11/jbc.M103817200.full.pdf+html}, 
    journal = {Journal of Biological Chemistry} 
}

@article{sivakumar2017,
    title = "Phenoloxidase activity in humoral plasma, hemocyanin and hemocyanin separated proteins of the giant freshwater prawn Macrobrachium rosenbergii ",
    journal = "International Journal of Biological Macromolecules ",
    volume = "102",
    number = "",
    pages = "977 - 985",
    year = "2017",
    note = "",
    issn = "0141-8130",
    doi = "https://doi.org/10.1016/j.ijbiomac.2017.04.088",
    url = "http://www.sciencedirect.com/science/article/pii/S0141813017306335",
    author = "Sivakumar Mullaivanam Ramasamy and Maghil Denis and Shanthi Sivakumar and Arumugam Munusamy",

}

@article{ZHANG2009,
    title = "Hemocyanin from shrimp Litopenaeus vannamei shows hemolytic activity",
    journal = "Fish \& Shellfish Immunology",
    volume = "27",
    number = "2",
    pages = "330 - 335",
    year = "2009",
    note = "",
    issn = "1050-4648",
    doi = "http://dx.doi.org/10.1016/j.fsi.2009.05.017",
    url = "http://www.sciencedirect.com/science/article/pii/S1050464809001946",
    author = "Yueling Zhang and Fang Yan and Zhong Hu and Xianliang Zhao and Shaoying Min and Zhiheng Du and Shan Zhao and Xiangqun Ye and Yuanyou Li",
}

@article{precipitation,
    author = {K. Idakieva and I. Chakarska and P. Ivanova and A. Tchorbanov and I. Dobrovolov and L. Doumanova},
    title = {Purification of Hemocyanin from Marine Gastropod Rapana Thomasiana using Ammonium Sulfate Precipitation Method},
    journal = {Biotechnology \& Biotechnological Equipment},
    volume = {23},
    number = {3},
    pages = {1364-1367},
    year = {2009},
    doi = {10.1080/13102818.2009.10817671},
    URL = {http://dx.doi.org/10.1080/13102818.2009.10817671}
}

@Article{pmid11106415,
   Author="Molon, A.  and Di Muro, P.  and Bubacco, L.  and Vasilyev, V.  and Salvato, B.  and Beltramini, M.  and Conze, W.  and Hellmann, N.  and Decker, H. ",
   Title="{{M}olecular heterogeneity of the hemocyanin isolated from the king crab {P}aralithodes camtschaticae}",
   Journal="Eur. J. Biochem.",
   Year="2000",
   Volume="267",
   Number="24",
   Pages="7046--7057",
   Month="12",
}

@article{harris1999,
    author = {J.R. Harris},
    title = {Keyhole limpet hemocyanin (KLH): a biomedical review},
    journal = {Micron},
    volume = {30},
    number = {6},
    year = {1999}
}

@article{NICKERSON1971855,
    title = "A comparison of molluscan and arthropod hemocyanin—I. Circular dichroism and absorption spectra",
    journal = "Comparative Biochemistry and Physiology Part B: Comparative Biochemistry",
    volume = "39",
    number = "4",
    pages = "855 - 872",
    year = "1971",
    note = "",
    issn = "0305-0491",
    doi = "http://dx.doi.org/10.1016/0305-0491(71)90109-X",
    url = "http://www.sciencedirect.com/science/article/pii/030504917190109X",
    author = "Kenneth W. Nickerson and Kensal E. Van Holde",
}

@article{CUFF1998855,
    title = "Crystal structure of a functional unit from Octopus hemocyanin11Edited by D. C. Rees",
    journal = "Journal of Molecular Biology",
    volume = "278",
    number = "4",
    pages = "855 - 870",
    year = "1998",
    note = "",
    issn = "0022-2836",
    doi = "http://dx.doi.org/10.1006/jmbi.1998.1647",
    url = "http://www.sciencedirect.com/science/article/pii/S0022283698916473",
    author = "Marianne E. Cuff and Karen I. Miller and Kensal E. van Holde and Wayne A. Hendrickson",
}

@article{salvato1990hemocyanins,
  title={Hemocyanins: molecular architecture, structure and reactivity of the binuclear copper active site},
  author={Salvato, B and Beltramini, M},
  journal={Life Chem. Rep},
  volume={8},
  pages={1--47},
  year={1990},
}

@article{HERSKOVITS1988597,
    title = "Recent aspects of the subunit organization and dissociation of hemocyanins",
    journal = "Comparative Biochemistry and Physiology Part B: Comparative Biochemistry",
    volume = "91",
    number = "4",
    pages = "597 - 611",
    year = "1988",
    note = "",
    issn = "0305-0491",
    doi = "http://dx.doi.org/10.1016/0305-0491(88)90179-4",
    url = "http://www.sciencedirect.com/science/article/pii/0305049188901794",
    author = "Theodore T. Herskovits",

}

@article{SENKBEIL,
    title = "Hemocyanin synthesis in the American lobster, Homarus americanus",
    journal = "Comparative Biochemistry and Physiology Part B: Comparative Biochemistry",
    volume = "68",
    number = "1",
    pages = "163 - 171",
    year = "1981",
    note = "",
    issn = "0305-0491",
    doi = "http://dx.doi.org/10.1016/0305-0491(81)90198-X",
    url = "http://www.sciencedirect.com/science/article/pii/030504918190198X",
    author = "Edward G. Senkbeil and John C. Wriston",

}

@article {Adachi,
    author = {Adachi, K. and Hirata, T. and Nagai, K. and Sakaguchi, M.},
    title = {Hemocyanin a Most Likely Inducer of Black Spots in Kuruma Prawn Penaeus japonicus During Storage},
    journal = {Journal of Food Science},
    volume = {66},
    number = {8},
    publisher = {Blackwell Publishing Ltd},
    issn = {1750-3841},
    url = {http://dx.doi.org/10.1111/j.1365-2621.2001.tb16093.x},
    doi = {10.1111/j.1365-2621.2001.tb16093.x},
    pages = {1130--1136},
    keywords = {Keywords: melanin, crustacean, phenoloxidase, freeze},
    year = {2001},
}

@article{schreder2000,
    title = "Synthetic Haptens as Probes of Antibody Response and Immunorecognition",
    journal = "Methods",
    volume = "20",
    number = "3",
    pages = "372 - 379",
    year = "2000",
    issn = "1046-2023",
    doi = "https://doi.org/10.1006/meth.1999.0929",
    author = "Kevin Shreder"
}

@article{fleming2001material,
  title={Material of construction for pharmaceutical and biotechnology processing: moving into the 21st century},
  author={Fleming, James R and Kemkes, David and DeVoe, David W and Crenshaw, Lewis and Imbalzano, John F},
  journal={Pharmaceutical engineering},
  pages={1--6},
  year={2001}
}

@article{allergene,
    title = "La tropomyosine : un pan-allergène",
    journal = "Revue Française d'Allergologie",
    volume = "49",
    number = "5",
    pages = "420 - 426",
    year = "2009",
    issn = "1877-0320",
    doi = "https://doi.org/10.1016/j.reval.2009.04.001",
    author = "C. Metz-Favre and J.-M. Rame and G. Pauli and F. de Blay",
}

@article{StatCan,
    title = "Une mise à jour des taux d’amortissement pour les Comptes canadiens de productivité",
    journal = "La revue canadienne de productivité",
    volume = "15-206-X",
    number = "039",
    year = "2015",
    issn = "1710-5277",
    isbn = "978-0-660-23055-9",
    author = "Baldwin J, Liu H et Tanguay M",
} % durée de vie équipements

@article{cout_elec,
    author    = {{Ressources naturelles Canada}},
    title     = "Enquête sur la consommation d’énergie du secteur commercial et institutionnel : Rapport sommaire - Juin 2007",
    year = {2005},
}

%%%%%====>>>-- These de doctorat
@phdthesis{bouazza2009,
    address = {Québec, Québec, Canada},
    author = {Aya Bouazza},
    school = {Université Laval},
    title = {Purification, caractérisation et étude des propriétés immunostimulantes de l'hémocyanine de crabe des neiges, \emph{Chinoecetes opilio}},
    year = {2009}
}


%%%%%====>>>-- Livre
@book{rappuoli2011,
    author    = {Rino Rappuolli and Fabio Bagnoli},
    title     = {Vaccine design: innovative approaches and novel strategies},
    year      = {2011},
    publisher = {Casiter Academic}
}

@book{gervais,
    author    = {Chan S. Park},
    title     = {Analyse économique en ingénierie, 2e},
    year      = {2009},
    publisher = {Pearson}
}

@Inbook{vanHolde1992,
    author="van Holde, K. E. and Miller, K. I. and Lang, W. H.",
    editor="Mangum, Charlotte P.",
    title="Molluscan Hemocyanins: Structure and Function",
    bookTitle="Blood and Tissue Oxygen Carriers",
    year="1992",
    publisher="Springer Berlin Heidelberg",
    address="Berlin, Heidelberg",
    pages="257--300",
    isbn="978-3-642-76418-9",
    doi="10.1007/978-3-642-76418-9_10",
}

@book{timmerhaus,
    author="Peters, M. S. and Timmerhaus, K. D. and West, R. E.",
    editor="McGraw-Hill",
    %title="Materials-Handling Equipment - Design and Costs",
    title="Plant Design and Economics for Chemical Engineers",
    year="2002",
    publisher="McGraw-Hill",
    address="New York, New York",
    pages="539--549",
    isbn ="978-0072392661",
}

@book{mccabe,
    Author = {McCabe, Warren L. and Smith, Julian C. and Harriott, Peter},
    ISBN = {0072848235 (acidfree paper)},
    Publisher = {Boston : McGraw-Hill, c2005.},
    Series = {McGraw-Hill chemical engineering series},
    Title = {Unit operations of chemical engineering.},
    Year = {2005},
}

@book{NRC2014,
    author = {{National Research Council}},
    title = {3 The Lifetime of Manufacturing Equipment},
    bookTitle = {The Global Movement and Tracking of Chemical Manufacturing Equipment: A Workshop Summary},
    year = {2014},
    publisher = {The National Academies Press},
    address = {Washington, DC},
    doi = {10.17226/18820},
} % durée de vie équipements


@book{ACV_livre,
    Author = {Jolliet, Olivier and Saadé-Sbeih, Myriam and Crettaz, Pierre and Jolliet-Gavin, Nicole and Shaked, Shanna},
    ISBN = {9782889151356},
    Publisher = {Lausanne : Presses polytechniques et universitaires romandes, [2017].},
    Series = {Science \& ingénierie de l'environnement},
    Title = {Analyse du cycle de vie : comprendre et réaliser un écobilan.},
    Year = {2017},
}

@book{ISO2006,
  author={ISO},
  title={ISO 14040:2006 Management environnemental — Analyse du cycle de vie — Principes et cadre},
  year={2006},
}

@Inbook{maldi_2,
    author="Berg JM, Tymoczko JL, Stryer L",
    editor="Mangum, Charlotte P.",
    title="Section 4.1The Purification of Proteins Is an Essential First Step in Understanding Their Function",
    bookTitle="Biochemistry. 5th edition",
    year="2002",
    publisher="W H Freeman",
}

%%%%%====>>>-- Sites internet
@online{adamodar,
    author    = "Aswath Damodaran",
    title     = "Return on Equity by Sector (US)",
    year = {2017},
    url = "http://people.stern.nyu.edu/adamodar/New_Home_Page/datafile/roe.html",
    urldate = {2017-10-30},
}


@online{emploiqc,
    author    = {{Emploi Québec}},
    title     = "Les charges sociales imputées à l’employeur pour l’année 2017",
    year = {2017},
    url = "http://www.emploiquebec.gouv.qc.ca/guide_mesures_services/02_Generalites/02_2_Charges_sociales_imputees_yeur/2_2_charges_sociales_employeur.pdf",
    urldate = {2017-10-27},
}


@online{klh_site,
    author    = {{Stellar Biotechnologies, Inc.}},
    title     = "KLH in Clinical Trials",
    year = {2017},
    url = "http://www.klhsite.org/klh-clinical-trials",
    urldate = {2017-07-12},
}

@online{GE_LS_Pores,
    author    = {{GE Life Sciences}},
    title     = "Selection Handbook. Hollow fiber cartridges and systems for membrane separations",
    year = {2008},
    url = {http://www.gelifesciences.com/gehcls_images/GELS/Related\%20Content/Files/1314787424814/litdoc18116529_20161014015223.pdf},
    urldate = {2017-10-04}
}

@online{mcrenulata_sealifebase,
    author    = "SeaLifeBase",
    title     = "Megathura crenulata, giant keyhole limpet",
    year = {2017},
    url = "www.sealifebase.org/summary/Megathura-crenulata.html",
    urldate = {2017-07-11}
}

@online{pressrelease_stellar,
    author = {{Stellar Biotechnologies}},
    title = {{Stellar Biotechnologies Exceeds Aquaculture Capacity Goals}},
    year = {2013},
    url = {http://content.equisolve.net/stellarbiotechnologies/news/2013-02-19_Stellar_Biotechnologies_Exceeds_Aquaculture_41.pdf},
    urldate = {2017-07-11}
}

@online{ppt_stellar,
  author = {{Stellar Biotechnologies}},
  title = {{Investor Presentation}},
  year = {2017},
  url = {http://content.stockpr.com/stellarbiotechnologies/media/bc084f948556640056d864d520578a6c.pdf},
  urldate = {2017-07-11}
}

@online{poc_fish,
  author = {{Pêches et Océans Canada}},
  title = {{Débarquements des pêches maritimes}},
  year = {2015},
  url = {http://www.dfo-mpo.gc.ca/stats/commercial/sea-maritimes-fra.htm},
  urldate = {2017-07-11}
}

@online{poc_crab2017,
  author = {{Pêches et Océans Canada}},
  title = {{Crabe des neiges du sud du golfe du Saint-Laurent – Zones 12, 12E, 12F et 19}},
  year = {2017},
  url = {www.dfo-mpo.gc.ca/decisions/fm-2017-gp/atl-03-fra.htm},
  urldate = {2017-07-11}
}

@online{SIGMA_CENTRI,
    author    = {{Sigma-Aldrich}},
    title     = "Centrifugation Separations",
    year = {2017},
    url = "http://www.sigmaaldrich.com/technical-documents/articles/biofiles/centrifugation-separations.html"
}

@online{biosyn,
  author = {{Biosyn Corp}},
  title = {{Why use biosyn KLH?}},
  year = {2017},
  url = {https://biosyncorp.com/klh/why_use_biosyn_klh/},
  urldate = {2017-07-12}
}

@online{BPF_SC,
  author = {{Santé Canada}},
  title = {{Lignes directrices des Bonnes pratiques de fabrication (BPF) - édition 2009, version 2 (GUI-0001)}},
  year = {2013},
  url = {https://www.canada.ca/fr/sante-canada/services/medicaments-produits-sante/conformite-application-loi/bonnes-pratiques-fabrication/documents-orientation/bonnes-pratique-fabrication-edition-2009-version-2-0001.html#equip},
  urldate = {2017-09-09}
}

@online{gestiondechets,
  author = {{Service correctionnel Canada}},
  title = {{Directive sur les services internes : Gestion environnementale des déchets}},
  year = {2014},
  url = {http://www.csc-scc.gc.ca/politiques-et-lois/318-7-isd-fra.shtml},
  urldate = {2017-10-02}
}

@online{gazmetro,
    author    = {{Gaz Métro}},
    title     = "Conditions de service et Tarif - En vigueur le 1er octobre 2017",
    year = {2017},
    url = "https://www.gazmetro.com/fr/residentiel/espace-client/facturation/conditions-et-tarif//~/media/Files/Affaires/Tarif/conditionsservicetarif_fr.pdf",
    urldate = {2017-10-29}
}

@online{creneau_accord,
    author    = {{Ministère de l'économie, de la science et de l'innovation}},
    title     = "S'informer - Créneaux d'excellence",
    year = {2017},
    url = "https://www.economie.gouv.qc.ca/fr/objectifs/informer/creneaux-dexcellence/page/creneaux-dexcellence-13004/?no_cache=1&tx_igaffichagepages_pi1\%5Bmode\%5D=single&tx_igaffichagepages_pi1\%5BbackPid\%5D=243&tx_igaffichagepages_pi1\%5BcurrentCat\%5D=&cHash=be53a653095bc834417846f406c2985f",
    urldate = {2017-10-31}
}

@online{emploiqc_gaspesie,
    author    = {{Emploi Québec, Gaspésie-Îles-de-la-Madelaine}},
    title     = "Plan d'action régional 2016-2017",
    year = {2016},
    url = "http://www.emploiquebec.gouv.qc.ca/uploads/tx_fceqpubform/11_admin_PAR_2016-2017.pdf",
    urldate = {2017-10-31}
}

@online{centris,
    author    = "Centris",
    title     = "Propriétés à vendre ou à louer au Québec",
    year = {2017},
    url = "https://www.centris.ca/fr/local-industriel~a-louer?view=List",
    urldate = {2017-11-22}
}

@online{engitool_propylene,
    author    = {{The Engineering ToolBox}},
    title     = "Propylene Glycol based Heat-Transfer Fluids",
    year = {2017},
    url = "https://www.engineeringtoolbox.com/propylene-glycol-d_363.html",
    urldate = {2017-11-01}
}

@online{engitool_water,
    author    = {{The Engineering ToolBox}},
    title     = "Water - Thermodynamic Properties",
    year = {2017},
    url = "https://www.engineeringtoolbox.com/water-thermal-properties-d_162.html",
    urldate = {2017-11-01}
}

@online{spectroscopie_uv,
    author    = {Mathias Borella},
    title     = "Thèse : Contrôle de la fonctionnalisation de surface de revêtements obtenus par PECVD à partir d’un composé organosilicié cyclique",
    year = {206},
    url = "http://mathias.borella.fr/2-1-La-spectroscopie-infrarouge.html?lang=fr",
    urldate = {2017-11-20}
}


%%%%%====>>>-- Tech report
@techreport{who_vaccines,
  title={Vaccine immunology},
  author={Claire-Anne Siegrist},
  year={2013},
  institution={World Health Organization (WHO)}
}

@techreport{chem_cuves,
  title={Chemical Resistance Guide},
  author={{Chemline Plastics Limited}},
  year={2001},
  institution={Chemline Plastics Limited}
}


@techreport{price_h2o,
  title={Décret 1017-2010},
  author={{Gouvernement du Québec}},
  year={2010},
  institution={Gazette officielle du Québec}
}



%%%%%====>>>-- Patent
@patent{oakes2002, 
    author = {Frank R. Oakes}, 
    title = {Non-lethal method for extracting crude hemocyanin from gastropod molluscs}, 
    year = {2005}, 
    month = {02}, 
    day = {08}, 
    number = {US 6852338 B2}, 
    type = {Patent}, 
    location = {US}, 
    yearfiled = {2002}, 
    monthfiled = {04}, 
    dayfiled = {18}, 
    pat_refs = {US 2002/0192633 A1 Dec. 19, 2002}, 
    IPC_class = {A61N 1/04}, 
    US_class = {607 2},
}

@article{FormulationHemo,
    Author = {Zanjani, Negar Talaei and Sairi, Fareed and Marshall, Gavin and Saksena, Monica Miranda and Valtchev, Peter and Gomes, Vincent G. and Cunningham, Anthony L. and Dehghani, Fariba},
    ISSN = {0928-0987},
    Journal = {European Journal of Pharmaceutical Sciences},
    Pages = {77 - 85},
    Title = {Formulation of abalone hemocyanin with high antiviral activity and stability.},
    Volume = {53},
    URL = {http://ezproxy.usherbrooke.ca/login?url=https://search.ebscohost.com/login.aspx?direct=true&db=edselp&AN=S0928098713004521&lang=fr&site=eds-live},
    Year = {2014},
}

@article{chromatoIMAC,
    title = "Purification of Hemocyanin from White Shrimp (Penaeus vannamei Boone) by Immobilized Metal Affinity Chromatography",
    journal = "Comparative Biochemistry and Physiology Part B: Biochemistry and Molecular Biology",
    volume = "117",
    number = "2",
    pages = "203 - 208",
    year = "1997",
    issn = "1096-4959",
    doi = "http://dx.doi.org/10.1016/S0305-0491(96)00321-5",
    url = "http://www.sciencedirect.com/science/article/pii/S0305049196003215",
    author = "Ciria G. Figueroa-Soto and Ana Maria Calder√≥n de la Barca and Luz Vazquez-Moreno and Inocencio Higuera-Ciapara and Gloria Yepiz-Plascencia",
}

@article{Recovery,
    Author = {Liu, Hui F and Ma, Junfen and Winter, Charles and Bayer, Robert},
    ISSN = {1942-0870},
    Journal = {Mabs},
    Keywords = {Antibodies, Monoclonal/*biosynthesis, Antibodies, Monoclonal/*isolation \& purification, Technology, Pharmaceutical/*methods, Animals, CHO Cells, Chromatography/methods, Cricetinae, Cricetulus, Reproducibility of Results},
    Number = {5},
    Pages = {480 - 499},
    Title = {Recovery and purification process development for monoclonal antibody production.},
    Volume = {2},
    URL = {http://ezproxy.usherbrooke.ca/login?url=https://search.ebscohost.com/login.aspx?direct=true&db=mnh&AN=20647768&lang=fr&site=eds-live},
    Year = {2010},
}

@article{chromatoanticorps,
    title = "Hemocyanin from shrimp Litopenaeus vannamei shows hemolytic activity",
    journal = "Fish \& Shellfish Immunology",
    volume = "27",
    number = "2",
    pages = "330 - 335",
    year = "2009",
    issn = "1050-4648",
    doi = "http://dx.doi.org/10.1016/j.fsi.2009.05.017",
    url = "http://www.sciencedirect.com/science/article/pii/S1050464809001946",
    author = "Yueling Zhang and Fang Yan and Zhong Hu and Xianliang Zhao and Shaoying Min and Zhiheng Du and Shan Zhao and Xiangqun Ye and Yuanyou Li",
}

@article{DevFacil,
    Author = {Klutz, Stephan and Magnus, Jorgen and Lobedann, Martin and Schwan, Peter and Maiser, Benjamin and Niklas, Jens and Temming, Maike and Schembecker, Gerhard},
    ISSN = {0168-1656},
    Journal = {Journal of Biotechnology},
    Number = {Integrated Continuous Biomanufacturing: A New Paradigm for Biopharmaceutical Production},
    Pages = {120 - 130},
    Title = {Developing the biofacility of the future based on continuous processing and single-use technology.},
    Volume = {213},
    URL = {http://ezproxy.usherbrooke.ca/login?url=https://search.ebscohost.com/login.aspx?direct=true&db=edselp&AN=S0168165615300122&lang=fr&site=eds-live},
    Year = {2015},
}

@article{Endotoxines,
    Author = {Vetten, Melissa A and Yah, Clarence S and Singh, Tanusha and Gulumian, Mary},
    ISSN = {1549-9642},
    Journal = {Nanomedicine: Nanotechnology, Biology, And Medicine},
    Keywords = {Drug Contamination*, Microbiota*, Nanoparticles*, Endotoxins/isolation \& purification, Ethylene Oxide/administration \& dosage, Filtration, Formaldehyde/administration \& dosage, Molecular Structure, Plasma Gases, X-Rays, Endotoxin, Nanoparticles, Sterilization},
    Number = {7},
    Pages = {1391 - 1399},
    Title = {Challenges facing sterilization and depyrogenation of nanoparticles: effects on structural stability and biomedical applications.},
    Volume = {10},
    URL = {http://ezproxy.usherbrooke.ca/login?url=https://search.ebscohost.com/login.aspx?direct=true&db=mnh&AN=24709329&lang=fr&site=eds-live},
    Year = {2014},
}

@article{MULLAIVANAMRAMASAMY2017977,
    title = "Phenoloxidase activity in humoral plasma, hemocyanin and hemocyanin separated proteins of the giant freshwater prawn Macrobrachium rosenbergii",
    journal = "International Journal of Biological Macromolecules",
    volume = "102",
    pages = "977 - 985",
    year = "2017",
    issn = "0141-8130",
    doi = "http://dx.doi.org/10.1016/j.ijbiomac.2017.04.088",
    author = "Sivakumar Mullaivanam Ramasamy and Maghil Denis and Shanthi Sivakumar and Arumugam Munusamy",
}  

@online{poc_crab,
  author = {{Pêches et Océans Canada}},
  title = {{Crabe des neiges (Chionoecetes opilio) Région de Terre-Neuve et du Labrador - 2009-2011}},
  year = {2010},
  url = {http://www.dfo-mpo.gc.ca/fm-gp/peches-fisheries/ifmp-gmp/snow-crab-neige/snow-crab-neiges2009-fra.htm},
  urldate = {2017-07-12}
}

@online{kromaton,
    author    = "Kromaton",
    title     = "Fast Centrifugal Partition Chromatography",
    year = {2017},
    url = "http://www.kromaton.com/fr/la-cpc/technologies",
    urldate = {2017-07-12}
}

@online{biosondablue,
    author    = {{Biosenda S.A.}},
    title     = "Blue Carrier in 50\% Glycerol",
    year = {2017},
    url = "http://www.biosonda.com/web/biosonda_products_det.php?pro=1",
    urldate = {2017-07-16}
}

@misc{becker2013purified,
  title={Purified hemocyanin obtained from Fissurella latimarginata; subunit of purified hemocyanin; use of hemocyanin, its subunit or immunogenic fragments and compositions containing the same},
  author={Becker, M.I.},
  url={http://www.google.ch/patents/US8436141},
  year={2013},
  month={5},
  publisher={Google Patents},
  note={US Patent 8,436,141}
}

@online{ge_ionguide,
    author    = {{GE Life Sciences}},
    title     = "Ion exchange columns and media selection guide",
    year = {2014},
    url = "http://www.gelifesciences.com/gehcls_images/GELS/Related\%20Content/Files/1314716762536/litdoc18112731_20161012164603.pdf",
    urldate = {2017-10-01}
}

@article{ronghua,
    title = "Molecular cloning and characterization of a hemocyanin from Sepiella maindroni",
    journal = "Fish \& Shellfish Immunology",
    volume = "67",
    number = "Supplement C",
    pages = "228 - 243",
    year = "2017",
    url = "http://www.sciencedirect.com/science/article/pii/S1050464817303315",
    author = "Ronghua Li and Zhuting Xu and Changkao Mu and Weiwei Song and Chunlin Wang",
}

@article{ZANJANI201477,
    title = "Formulation of abalone hemocyanin with high antiviral activity and stability",
    journal = "European Journal of Pharmaceutical Sciences",
    volume = "53",
    number = "Supplement C",
    pages = "77 - 85",
    year = "2014",
    issn = "0928-0987",
    doi = "https://doi.org/10.1016/j.ejps.2013.11.013",
    url = "http://www.sciencedirect.com/science/article/pii/S0928098713004521",
    author = "Negar Talaei Zanjani and Fareed Sairi and Gavin Marshall and Monica Miranda Saksena and Peter Valtchev and Vincent G. Gomes and Anthony L. Cunningham and Fariba Dehghani",
}

@article{Chang2017,
    author = {Chang, Byeong and Y Patro, Sugunakar},
    year = {2017},
    month = {10},
    pages = {},
    title = {Freeze-drying Process Development for Protein Pharmaceuticals}
}

@online{microbio,
    author    = {{Microbiologie médicale}},
    title     = "Généralités sur les virus",
    year = {ND},
    url = "http://www.microbiologie-medicale.fr/virologie/generalitesvirus.htm",
    urldate = {2017-10-01}
}

@online{Aisimo,
    author    = "Aisimo",
    title     = "What is a KD (kiloDalton)?",
    year = {2013},
    url = "http://www.aisimo.com/faq/membrane-filter/85.php",
    urldate = {2017-10-01}
}

@online{FDA_LAL,
    author    = {{Food and Drug Administration}},
    title     = "Guidance for Industry - Pyrogen and Endotoxins Testing: Questions and Answers ",
    year = {2012},
    url = "https://www.fda.gov/downloads/drugs/guidances/ucm310098.pdf",
    urldate = {2017-10-01}
}

@online{Lonza,
    author    = "Lonza",
    title     = "Limulus Amebocyte Lysate (LAL) : QCL-1000™",
    year = {2014},
    url = "http://bio.lonza.com/uploads/tx_mwaxmarketingmaterial/Lonza_ManualsProductInstructions_QCL-1000_Product_Insert.pdf",
    urldate = {2017-10-01}
}


@online{Millipore_sigma,
    author    = {{Millipore Sigma}},
    title     = "374813 | Hemocyanin, Keyhole Limpet, Megathura crenulata, High Purity, Endotoxin-Free, Glycerol",
    year = {2017},
    url = "https://www.emdmillipore.com/CA/en/product/Hemocyanin\%2C-Keyhole-Limpet\%2C-Megathura-crenulata\%2C-High-Purity\%2C-Endotoxin-Free\%2C-Glycerol,EMD_BIO-374813",
    urldate = {2017-10-01}
}

@online{cip_procedure,
    author    = {{SPX - Where ideas meet industry}},
    title     = "CIP and Sanitation of Process Plant",
    year = {2013},
    url = "http://www.spxflow.com/en/assets/pdf/CIP_Systems_22003_05_02_2013_GB_tcm11-7665.pdf",
    urldate = {2017-10-04}
}

@techreport{GE,
  title={{General Specification, UniFlux™ 30 System}},
  author    = {{GE life Sciences}},
  year={2017},
  institution={GE}
}

@article{groleau,
    author = {Denis Groleau},
    year = {2016},
    pages = {p.23-28},
    title = {Notes de cours opération unitaire - Chromatographie partie 2}
}

@article{enonce_projet,
    author = {{Immune Biosolutions}},
    year = {2017},
    pages = {p.1},
    title = {Énoncé de projet - Extraction d'hémocyanine à partir de \emph{Chionecetes opilio}}
}

@article{TECH_Ing,
author = "MARIN, Michèle and RENÉ, Frédéric",
title = "Lyophilisation",
journal = "Techniques de l'ingénieur Opérations unitaires du génie industriel alimentaire",
year = "2000",
volume = "base documentaire : TIB430DUO.",
number = "ref. article : f3240",
publisher = "Editions T.I.",
type = "article de base documentaire",
eprint = "base documentaire : TIB430DUO.",
type = "base documentaire",
url = "http://www.techniques-ingenieur.fr/base-documentaire/procedes-chimie-bio-agro-th2/operations-unitaires-du-genie-industriel-alimentaire-42430210/lyophilisation-f3240/",
}



@online{Puissance_Pompe,
  author = {{GEA Tuchenhagen}},
  title = {CGEA Tuchenhagen Hygienic Centrifugal Pumps},
  year = {2014},
  url = {http://www.gea.com/en/binaries/Catalog-Hygienic-centrifugal-pumps-2015-03-EN_tcm11-13267.pdf},
  urldate = {2017-10-04},
}

@online{prix_hemo,
  author = {{Sigma-Aldrich}},
  title = {Hemocyanin from Megathura crenulata (keyhole limpet)},
  year = {2017},
  url = {http://www.sigmaaldrich.com/catalog/product/sigma/h7017?lang=en&region=US},
  urldate = {2017-10-04},
}

@online{Hydro,
    author    = {{Hydro-Québec}},
    title     = "Tarif G",
    year = {2017},
    url = "http://www.hydroquebec.com/affaires/tarifs-et-facture/tarification/tarifs-affaires-electricite/tarif-g/",
    urldate = {2017-10-31}
}

@online{loiprotection,
    author = {{Ministère de la Justice du Canada}},
    title = {Loi canadienne sur la protection de l’environnement},
    year = {2017},
    url = "http://laws-lois.justice.gc.ca/fra/lois/c-15.31/",
    urldate = {2017-10-31}
}

@online{loiqualite,
    author = {{Légis Québec}},
    title = {Loi sur la qualité de l'environnement},
    year = {2017},
    url = "http://legisquebec.gouv.qc.ca/fr/ShowDoc/cs/Q-2/",
    urldate = {2017-10-31}
}


@online{loidevdurable,
    author = {{Ministère du Développement durable, de l'Environnement et de la Lutte contre les changements climatiques}},
    title = {Loi sur le développement durable},
    year = {2017},
    url = "http://www.mddelcc.gouv.qc.ca/developpement/loi.htm",
    urldate = {2017-10-31}
}

@online{CEPCI2002,
    author = {{Chemical engineering plant cost index}},
    title = {CEPCI 2002},
    year = {2002},
    url = "http://www.processengineeringmanual.it/1_attivita/CPI.pdf",
    urldate = {2017-11-01}
}
@online{CEPCI2016,
    author = {{Chemical engineering plant cost index}},
    title = {CEPCI 2016},
    year = {2016},
    url = "https://fr.scribd.com/doc/310334114/CEPCI-February-2016-pdf",
    urldate = {2017-11-01}
}

@online{Salaires,
    author = {{Gouvernement du Québec}},
    title = {Guide des salaires selon les professions au Québec - 2016},
    year = {2016},
    url = "http://www.emploiquebec.gouv.qc.ca/publications/pdf/00_imt_guide-salaires-professions_2016.PDF",
    urldate = {2017-11-01}
}

@online{opechromato,
    author    = {{GE Life Sciences}},
    title = {ChromaflowTM 400-1000 columns - Operating Instructions},
    year = {2009},
    url = "https://www.gelifesciences.com/gehcls_images/GELS/Related\%20Content/Files/1314787424814/litdoc28962232_20161015025536.pdf",
    urldate = {2017-11-25}
}

@online{CrossFlow_Method,
  author = {{GE Life Sciences}},
  title = {CCross Flow Filtration Method Handbook},
  year = {2014},
  url = {http://www.gelifesciences.com/gehcls_images/GELS/Related\%20Content/Files/1466440151087/litdoc29085076_20161016044142.pdf},
  urldate = {2017-11-25},
}

@online{lavageresine1,
    author = {SOFER, Gail and YOURKIN, Jonathan},
    title = {Cleaning and Cleaning Validation in Process Chromatography},
    year = {2007},
    url = "http://www.bioprocessintl.com/wp-content/uploads/bpi-content/070510ar07_76654a.pdf",
    urldate = {2017-11-27}
}

@online{lavageresine2,
    author = {{GE Life Sciences}},
    title = {Process Chromatography, Cleaning and Cleaning Validation, Validation of Chromatography Media Lifetime},
    year = {2008},
    url = "http://www.ebiotrade.com/custom/upload/ge/110418/6cleaning\%20validation\%20Chengdu.pdf",
    urldate = {2017-11-27}
}

@online{price_nacl,
    author = {{Alibaba - Nanjing Reagent}},
    title = {Sodium Chloride, AR 99.5\%,CAS:7647-14-5},
    year = {2017},
    url = "https://www.alibaba.com/product-detail/Sodium-Chloride-AR-99-5-CAS_60663905858.html?spm=a2700.7724838.2017115.51.304e3095PONhI8",
    urldate = {2017-11-27}
}

@online{price_trehalose,
    author = {{Millipore Sigma}},
    title = {Trehalose, Dihydrate - CAS 6138-23-4 - Calbiochem},
    year = {2017},
    url = "https://www.emdmillipore.com/CA/en/product/Trehalose-Dihydrate-CAS-6138-23-4-Calbiochem,EMD_BIO-625625",
    urldate = {2017-11-27}
}

@online{price_triethylamine,
    author = {{Sigma-Aldrich}},
    title = {Triethylamine, 99.5\%},
    year = {2017},
    url = "https://www.sigmaaldrich.com/catalog/product/sial/471283",
    urldate = {2017-11-27}
}

@online{price_na2so3,
    author = {{Sigma-Aldrich}},
    title = {Sodium Sulfite, 98\%},
    year = {2017},
    url = "https://www.sigmaaldrich.com/catalog/product/sigald/s0505",
    urldate = {2017-11-27}
}

@online{price_hcl,
    author = {{VWR}},
    title = {Hydrochloric Acid, 98 - 100\%, ACS Reagent Grade, Ricca Chemical Company},
    year = {2017},
    url = "https://us.vwr.com/store/product/12826939/hydrochloric-acid-98-100-acs-reagent-grade-ricca-chemical-company",
    urldate = {2017-11-27}
}


@online{price_CHES,
    author = {{Alibaba - Richest}},
    title = {N-Cyclohexyltaurine 103-47-9},
    year = {2017},
    url = "https://www.alibaba.com/product-detail/N-Cyclohexyltaurine-103-47-9-support_60304907052.html",
    urldate = {2017-11-27}
}

@online{price_naoh,
    author = {{Sigma-Aldrich}},
    title = {Sodium hydroxide, BioXtra, 98\%},
    year = {2017},
    url = "https://www.sigmaaldrich.com/catalog/product/sigald/s8045",
    urldate = {2017-11-27}
}


@online{price_acidCIP,
    author = {{VWR}},
    title = {CIP 200 Acid Cleaner, STERIS},
    year = {2017},
    url = "https://us.vwr.com/store/product/4619495/cip-200-acid-cleaner-steris",
    urldate = {2017-11-27}
}

@online{price_deteCIP,
    author = {{VWR}},
    title = {CIP 100 Detergent System, STERIS},
    year = {2017},
    url = "https://us.vwr.com/store/product/4619527/cip-100-detergent-system-steris",
    urldate = {2017-11-27}
}


@online{price_vial,
    author = {{Alibaba - Xingchen}},
    title = {Glass bottles, Lyophilisation vials},
    year = {2017},
    url = "http://www.alibaba.com/product-detail/glass-bottles-lyophilisation-vials_1967547788.html",
    urldate = {2017-11-29}
}

@article{prot_tests,
    author = {Bertrand Raynal and Pascal Lenormand and Bruno Baron and Sylviane Hoos and Patrick England},
    title = "Quality assessment and optimization of purified protein samples: why and how",
    journal = {{Microbial Cell Factories}},
    year = "2014",
    volume = "13",
    number = "180",
}

@online{info_gc,
    author = {Frederic Douglas},
    title = {GC/MS Analysis},
    year = {ND},
    url = "http://www.scientific.org/tutorials/articles/gcms.html",
    urldate = {2017-11-27}
}

@online{info_gc_vs_hplc,
    author = {DR. Deepak Bhanot},
    title = {What are the Differences between GC and HPLC?},
    year = {2014},
    url = "http://lab-training.com/2014/04/02/what-are-the-differences-between-gc-and-hplc/",
    urldate = {2017-11-27}
}

@online{info_hplc,
    author = {Jim Clark},
    title = {HIGH PERFORMANCE LIQUID CHROMATOGRAPHY - HPLC},
    year = {2006},
    url = "https://www.chemguide.co.uk/analysis/chromatography/hplc.html",
    urldate = {2017-11-27}
}

@article{info_ms,
    author = "Marie-Claude Menet",
    title = "Principes de la spectrométrie de masseMass spectrométry",
    journal = "Revue Francophone des Laboratoires",
    year = "2011",
    volume = "2001",
    number = "437",
    pages = "41-53",
}

@online{lal,
    author = {Lonza},
    title = {Lysat d’amoebocytes de limule (LAL) Kinetic-QCL},
    year = {2015},
    url = "http://bio.lonza.com/uploads/tx_mwaxmarketingmaterial/Lonza_ManualsProductInstructions_Limulus_Amebocyte_Lysate_LAL_Kinetic-QCL_French.pdf",
    urldate = {2017-11-18}
}

@online{sds-page,
    author = {Dr Nick Oswald},
    title = {How SDS-PAGE Works},
    year = {2016},
    url = "https://bitesizebio.com/580/how-sds-page-works/",
    urldate = {2017-11-18}
}

@online{maldi_1,
    author = {Shimadzu},
    title = {Principles of MALDI-TOF Mass Spectrometry},
    year = {2017},
    url = "http://www.shimadzu.com/an/lifescience/maldi/princpl1.html",
    urldate = {2017-11-18}
}

